%% Example bibliography file
%% Add your BibTeX references here

@article{example_reference_2020,
  author  = {Smith, John and Doe, Jane},
  title   = {An Example Research Article Title},
  journal = {Journal of Example Research},
  year    = {2020},
  volume  = {42},
  number  = {3},
  pages   = {123--145},
  doi     = {10.1234/example.2020.001}
}

@article{example_method_2019,
  author  = {Johnson, Alice and Brown, Bob},
  title   = {A Novel Methodology for Example Analysis},
  journal = {Methods in Example Science},
  year    = {2019},
  volume  = {15},
  number  = {2},
  pages   = {67--89},
  doi     = {10.1234/methods.2019.002}
}

@article{example_study_2021,
  author  = {Lee, Carol and Martinez, David},
  title   = {Comprehensive Study of Example Phenomena},
  journal = {Example Science Quarterly},
  year    = {2021},
  volume  = {28},
  number  = {4},
  pages   = {456--478},
  doi     = {10.1234/esq.2021.003}
}

%% Add more references as needed
%% You can use tools like Google Scholar, PubMed, or reference managers
%% to generate BibTeX entries automatically
