@article{Cook2013PredictionOSA,
  title={Prediction of seizure likelihood with a long-term, implanted seizure advisory system in patients with drug-resistant epilepsy: a first-in-man study},
  author={M. Cook and M. Cook and T. O’Brien and Terence J. O'Brien and S. Berkovic and Michael Murphy and Michael Murphy and Andrew P. Morokoff and Andrew P. Morokoff and G. Fabinyi and W. D'Souza and W. D'Souza and R. Yerra and J. Archer and L. Litewka and S. Hosking and Paul A. Lightfoot and Vanessa Ruedebusch and W. D. Sheffield and David E. Snyder and Kent W. Leyde and David M. Himes},
  journal={The Lancet Neurology},
  year={2013},
  volume={12},
  pages={563-571},
  url={https://www.sciencedirect.com/science/article/pii/S1474442213700759?dgcid=api\_sd\_search-api-endpoint}
}

@inproceedings{Payne2023EpilepticSFB,
  title={Epileptic seizure forecasting with long short-term memory (LSTM) neural networks},
  author={D. Payne and Jordan D. Chambers and A. Burkitt and M. J. Cook and Levin Kuhlman and D. Freestone and D. Grayden},
  booktitle={unknown},
  year={2023},
  url={https://api.semanticscholar.org/CorpusId:262046731}
}

@article{Dilorenzo2019NeuralSMC,
  title={Neural State Monitoring in the Treatment of Epilepsy: Seizure Prediction—Conceptualization to First-In-Man Study},
  author={D. Dilorenzo and Kent W. Leyde and Dmitry Kaplan},
  journal={Brain Sciences},
  year={2019},
  volume={9},
  url={https://pdfs.semanticscholar.org/02a5/31d00c3be075ab70f912f8f5f6683da320a4.pdf}
}

@article{Lu2025LeveragingCCD,
  title={Leveraging Channel Coherence in Long-Term iEEG Data for Seizure Prediction},
  author={Sha Lu and Lin Liu and Jiuyong Li and Jordan D. Chambers and M. J. Cook and D. Grayden},
  journal={IEEE Journal of Biomedical and Health Informatics},
  year={2025},
  volume={29},
  pages={5541-5548},
  url={https://api.semanticscholar.org/CorpusId:277494600}
}

@article{Howbert2014ForecastingSIE,
  title={Forecasting Seizures in Dogs with Naturally Occurring Epilepsy},
  author={J. Jeffry Howbert and Edward E Patterson and S. M. Stead and B. Brinkmann and Vincent Vasoli and D. Crepeau and Charles H Vite and B. Sturges and Vanessa Ruedebusch and J. Mavoori and K. Leyde and W. Douglas Sheffield and B. Litt and Gregory A. Worrell and Maxim Bazhenov and Drs Howbert and Sheffield and Leyde},
  journal={PLoS ONE},
  year={2014},
  volume={9},
  url={https://pdfs.semanticscholar.org/9358/e68ae0044f8b20743ec12674d8a0b1c5e333.pdf}
}

@article{Baldassano2017CrowdsourcingSDF,
  title={Crowdsourcing seizure detection: algorithm development and validation on human implanted device recordings},
  author={S. Baldassano and B. Brinkmann and H. Ung and Tyler Blevins and E. Conrad and K. Leyde and M. Cook and A. Khambhati and Joost B. Wagenaar and G. Worrell and B. Litt},
  journal={Brain},
  year={2017},
  volume={140},
  pages={1680–1691},
  url={https://doi.org/10.1093/brain\%2Fawx098}
}

@article{Sladky2022DistributedBCG,
  title={Distributed brain co-processor for tracking spikes, seizures and behaviour during electrical brain stimulation.},
  author={V. Sladky and P. Nejedly and F. Mivalt and B. Brinkmann and Inyong Kim and E. S. St. Louis and N. Gregg and B. Lundstrom and C. Crowe and Tal Pal Attia and D. Crepeau and I. Balzekas and V. Marks and Lydia Wheeler and J. Cimbalnik and M. Cook and R. Jan{\vc}a and B. Sturges and K. Leyde and K. Miller and J. V. van Gompel and T. Denison and G. Worrell and V. Kremen},
  journal={Brain communications},
  year={2022},
  volume={4 3},
  pages={
          fcac115
        },
  url={https://api.semanticscholar.org/CorpusId:248636347}
}

@article{Gregg2020CircadianAMH,
  title={Circadian and multiday seizure periodicities, and seizure clusters in canine epilepsy},
  author={N. Gregg and M. Nasseri and V. Kremen and E. Patterson and B. Sturges and T. Denison and B. Brinkmann and G. Worrell},
  journal={Brain Communications},
  year={2020},
  volume={2},
  url={https://api.semanticscholar.org/CorpusId:212677487}
}

@article{Davis2011ANII,
  title={A novel implanted device to wirelessly record and analyze continuous intracranial canine EEG},
  author={K. Davis and B. Sturges and C. Vite and Vanessa Ruedebusch and G. Worrell and A. Gardner and K. Leyde and W. D. Sheffield and B. Litt},
  journal={Epilepsy Research},
  year={2011},
  volume={96},
  pages={116-122},
  url={https://www.sciencedirect.com/science/article/pii/S0920121111001318?dgcid=api\_sd\_search-api-endpoint}
}

@article{Dilorenzo2019NeurovistaCTJ,
  title={Neurovista: Concept to first-in-man: The war story behind launching a venture to treat epilepsy},
  author={D. Dilorenzo},
  journal={Surgical Neurology International},
  year={2019},
  volume={10},
  url={https://api.semanticscholar.org/CorpusId:203508009}
}

@article{Lscher2022NovelSAK,
  title={Novel subscalp and intracranial devices to wirelessly record and analyze continuous EEG in unsedated, behaving dogs in their natural environments: A new paradigm in canine epilepsy research},
  author={W. L{\"o}scher and G. Worrell},
  journal={Frontiers in Veterinary Science},
  year={2022},
  volume={9},
  url={https://api.semanticscholar.org/CorpusId:253024871}
}

@article{Dilorenzo2021SocietalROL,
  title={Societal return on investment may greatly exceed financial return on investment in neurotechnology-based therapies: A case study in epilepsy therapy development},
  author={D. Dilorenzo},
  journal={Surgical Neurology International},
  year={2021},
  volume={12},
  url={https://api.semanticscholar.org/CorpusId:234869605}
}

@article{Yang2024SeizureFWM,
  title={Seizure forecasting with ultra long-term EEG signals},
  author={Hongliu Yang and Jens M{\"u}ller and Matthias Eberlein and S. Kalousios and Georg Leonhardt and J. Duun-Henriksen and T. Kjaer and Ronald Tetzlaff},
  journal={Clinical Neurophysiology},
  year={2024},
  volume={167},
  pages={211-220},
  url={https://api.semanticscholar.org/CorpusId:272757972}
}

@article{Baldassano2019CloudCFN,
  title={Cloud computing for seizure detection in implanted neural devices},
  author={S. Baldassano and Xuelong Zhao and B. Brinkmann and V. Kremen and J. Bernabei and M. Cook and T. Denison and G. Worrell and B. Litt},
  journal={Journal of Neural Engineering},
  year={2019},
  volume={16},
  url={https://doi.org/10.1088/1741-2552\%2Faaf92e}
}

@inproceedings{Schroeder2022ChronicIRO,
  title={Chronic iEEG recordings and interictal spike rate reveal multiscale temporal modulations in seizure states},
  author={Gabrielle M. Schroeder and Philippa J. Karoly and M. Maturana and Mariella Panagiotopoulou and P. Taylor and M. Cook and Yujiang Wang},
  booktitle={unknown},
  year={2022},
  url={https://api.semanticscholar.org/CorpusId:246294606}
}

@inproceedings{Schroeder2021SeizurePAP,
  title={Seizure pathways and seizure durations can vary independently within individual patients with focal epilepsy},
  author={Gabrielle M. Schroeder and F. Chowdhury and M. Cook and B. Diehl and J. Duncan and Philippa J. Karoly and P. Taylor and Yujiang Wang},
  booktitle={unknown},
  year={2021},
  url={https://api.semanticscholar.org/CorpusId:237500597}
}

@article{2022MultipleMSQ,
  title={Multiple mechanisms shape the relationship between pathway and duration of focal seizures},
  author={},
  journal={Brain Communications},
  year={2022},
  volume={4},
  url={https://pdfs.semanticscholar.org/b068/e0e129857f3c93435b5714a432b7e8c56793.pdf}
}

@article{Sirbu2025RegulatingNIR,
  title={Regulating Next-Generation Implantable Brain-Computer Interfaces: Recommendations for Ethical Development and Implementation},
  author={Renee Sirbu and Jessica Morley and Tyler Schroder and M. Taddeo and Raghavendra Pradyumna Pothukuchi and Muhammed Ugur and Abhishek Bhattacharjee and Luciano Floridi},
  journal={ArXiv},
  year={2025},
  volume={abs/2506.12540},
  url={https://api.semanticscholar.org/CorpusId:279402209}
}

@article{Maturana2020CriticalSDS,
  title={Critical slowing down as a biomarker for seizure susceptibility},
  author={M. Maturana and C. Meisel and K. Dell and Philippa J. Karoly and W. D'Souza and D. Grayden and A. Burkitt and P. Jiru{\vs}ka and J. Kudl{\'a}{\vc}ek and J. Hlinka and M. Cook and L. Kuhlmann and D. Freestone},
  journal={Nature Communications},
  year={2020},
  volume={11},
  url={https://doi.org/10.1038/s41467-020-15908-3}
}

@article{KiralKornek2017EpilepticSPT,
  title={Epileptic Seizure Prediction Using Big Data and Deep Learning: Toward a Mobile System},
  author={Isabell Kiral-Kornek and Subhrajit Roy and E. Nurse and B. Mashford and Philippa J. Karoly and T. Carroll and D. Payne and Susmita Saha and S. Baldassano and T. O'Brien and D. Grayden and M. Cook and D. Freestone and S. Harrer},
  journal={EBioMedicine},
  year={2017},
  volume={27},
  pages={103 - 111},
  url={https://www.ncbi.nlm.nih.gov/pubmed/29262989}
}

@article{Chambers2024UsingLSU,
  title={Using Long Short-Term Memory (LSTM) recurrent neural networks to classify unprocessed EEG for seizure prediction},
  author={Jordan D. Chambers and M. J. Cook and A. Burkitt and D. Grayden},
  journal={Frontiers in Neuroscience},
  year={2024},
  volume={18},
  url={https://pdfs.semanticscholar.org/64f2/fd71f87c53805884066219095443d6dbaaeb.pdf}
}

@article{Kuhlmann2018EpilepsyecosystemorgCRV,
  title={Epilepsyecosystem.org: crowd-sourcing reproducible seizure prediction with long-term human intracranial EEG},
  author={L. Kuhlmann and Philippa J. Karoly and D. Freestone and B. Brinkmann and A. Temko and A. Barachant and Feng Li and Gilberto Titericz and Brian Lang and Daniel Lavery and Kelly Roman and D. Broadhead and Scott Dobson and Gareth Jones and Qingnan Tang and Irina Ivanenko and O. Panichev and T. Proix and M. N{\'a}hl{\'i}k and D. Grunberg and Chip Reuben and G. Worrell and B. Litt and D. Liley and D. Grayden and M. Cook},
  journal={Brain},
  year={2018},
  volume={141},
  pages={2619–2630},
  url={https://doi.org/10.1093/brain\%2Fawy210}
}

@article{Karoly2017TheCPW,
  title={The circadian profile of epilepsy improves seizure forecasting},
  author={Philippa J. Karoly and H. Ung and D. Grayden and L. Kuhlmann and Kent W. Leyde and M. Cook and D. Freestone},
  journal={Brain},
  year={2017},
  volume={140},
  pages={2169–2182},
  url={https://doi.org/10.1093/brain\%2Fawx173}
}

@article{Chen2022SeizureFBX,
  title={Seizure Forecasting by High-Frequency Activity (80–170 Hz) in Long-term Continuous Intracranial EEG Recordings},
  author={Zhuying Chen and M. Maturana and A. Burkitt and M. Cook and D. Grayden},
  journal={Neurology},
  year={2022},
  volume={99},
  pages={e364 - e375},
  url={https://doi.org/10.1212/WNL.0000000000200348}
}

@article{Andrade2024OnTPY,
  title={On the performance of seizure prediction machine learning methods across different databases: the sample and alarm-based perspectives},
  author={In{\^e}s Andrade and C{\'e}sar A. Teixeira and Mauro F. Pinto},
  journal={Frontiers in Neuroscience},
  year={2024},
  volume={18},
  url={https://api.semanticscholar.org/CorpusId:271222900}
}

@article{Brinkmann2015ForecastingSUZ,
  title={Forecasting Seizures Using Intracranial EEG Measures and SVM in Naturally Occurring Canine Epilepsy},
  author={Benjamin H. Brinkmann and E. Patterson and C. Vite and Vincent Vasoli and D. Crepeau and M. Stead and J. Howbert and V. Cherkassky and Joost B. Wagenaar and B. Litt and G. Worrell},
  journal={PLoS ONE},
  year={2015},
  volume={10},
  url={https://pdfs.semanticscholar.org/b20d/72dbae1ba253711817d57ea36af51e994f82.pdf}
}

@article{Haderlein2023PathSFAA,
  title={Path Signatures for Seizure Forecasting},
  author={Jonas F. Haderlein and A. Peterson and P. Z. Eskikand and M. Cook and A. Burkitt and I. Mareels and D. Grayden},
  journal={ArXiv},
  year={2023},
  volume={abs/2308.09312},
  url={https://api.semanticscholar.org/CorpusId:261030304}
}

@inproceedings{Schelter2007WelcomeTTAB,
  title={Welcome to the 3rd International Workshop on Seizure Prediction in Epilepsy!},
  author={B. Schelter},
  booktitle={unknown},
  year={2007},
  url={https://www.bcf.uni-freiburg.de/events/pdf/2007-seizure-prediction-workshop.pdf}
}

@article{Karoly2018SeizurePAAC,
  title={Seizure pathways: A model-based investigation},
  author={Philippa J. Karoly and L. Kuhlmann and Daniel Soudry and D. Grayden and M. Cook and D. Freestone},
  journal={PLoS Computational Biology},
  year={2018},
  volume={14},
  url={https://pdfs.semanticscholar.org/e97d/85cc55e4db0e7e010a8c4090e898eb0afc72.pdf}
}

@article{Ahmad2022FPGAIOAD,
  title={FPGA Implementation of Epileptic Seizure Detection using Artificial Neural Network},
  author={Ahmad A. Ahmad and Yasmin M. Massoud and L. Kuhlmann and M. A. E. Ghany},
  journal={2022 4th Novel Intelligent and Leading Emerging Sciences Conference (NILES)},
  year={2022},
  pages={340-344},
  url={http://ieeexplore.ieee.org/stamp/stamp.jsp?tp=\&arnumber=9942397}
}