@article{Abraham2022EpilepticSPAV,
  author     = {Ajith Abraham and Lubna Abdel Kareim Gabralla and Bharti Nagpal and Praphula Kumar Jain and Bhaskar Kapoor},
  doi        = {10.3390/s23010423},
  doi_source = {crossref},
  journal    = {Sensors (Basel, Switzerland)},
  title      = {Epileptic Seizure Prediction Based on Hybrid Seek Optimization Tuned Ensemble Classifier Using EEG Signals},
  url        = {https://api.semanticscholar.org/CorpusId:255521270},
  volume     = {23},
  year       = {2022}
}

@article{Ahamed2017PredictionOEBE,
  author     = {Md. Asif Ahamed and Mohiudding Ahmad and Md. Kamrul Hasan and Mohammad A. Rashid},
  doi        = {10.1155/2017/6848014},
  doi_source = {crossref},
  journal    = {Applied Bionics and Biomechanics},
  title      = {Prediction of Epileptic Seizure by Analysing Time Series EEG Signal Using k-NN Classifier},
  url        = {https://api.semanticscholar.org/CorpusId:5819944},
  volume     = {2017},
  year       = {2017}
}

@article{Ahmad2020PredictionOEBF,
  author     = {Shaikh Rezwan Rafid Ahmad and Samee Mohammad Sayeed and Zaziba Ahmed and Nusayer Masud Siddique and M. Parvez},
  doi        = {10.1109/tensymp50017.2020.9230899},
  doi_source = {crossref},
  journal    = {2020 IEEE Region 10 Symposium (TENSYMP)},
  pages      = {1217-1220},
  title      = {Prediction of Epileptic Seizures using Support Vector Machine and Regularization},
  url        = {http://ieeexplore.ieee.org/stamp/stamp.jsp?tp=&arnumber=9230899},
  year       = {2020}
}

@article{Alhudhaif2021ANMAT,
  author     = {Adi Alhudhaif},
  doi        = {10.7717/peerj-cs.523},
  doi_source = {crossref},
  journal    = {PeerJ Computer Science},
  title      = {A novel multi-class imbalanced EEG signals classification based on the adaptive synthetic sampling (ADASYN) approach},
  url        = {https://api.semanticscholar.org/CorpusId:235315530},
  volume     = {7},
  year       = {2021}
}

@article{Alotaibi2017EpilepticSPAF,
  author     = {Faisal M. Alotaibi and Saud R. Alrshoud and Saleh A. Alshebeili and Turky Nayef Alotaiby},
  doi        = {10.1155/2017/1240323},
  doi_source = {crossref},
  journal    = {Computational Intelligence and Neuroscience},
  title      = {Epileptic Seizure Prediction Using CSP and LDA for Scalp EEG Signals},
  url        = {https://api.semanticscholar.org/CorpusId:31034268},
  volume     = {2017},
  year       = {2017}
}

@article{Alotaiby2014EEGSDAI,
  author     = {T. Alotaiby and S. Alshebeili and Tariq A. Alshawi and Ishtiaq Ahmad and F. El-Samie},
  doi        = {10.1186/1687-6180-2014-183},
  doi_source = {url_extraction},
  journal    = {EURASIP Journal on Advances in Signal Processing},
  pages      = {1-21},
  title      = {EEG seizure detection and prediction algorithms: a survey},
  url        = {https://doi.org/10.1186/1687-6180-2014-183},
  volume     = {2014},
  year       = {2014}
}

@article{AlvaradoRojas2011ProbingCED,
  author     = {C. Alvarado-Rojas and M. Valderrama and A. Witon and V. Navarro and M. Quyen},
  doi        = {10.1109/IEMBS.2011.6090471},
  doi_source = {scholar_library_cache},
  journal    = {2011 Annual International Conference of the IEEE Engineering in Medicine and Biology Society},
  pages      = {1632-1635},
  title      = {Probing cortical excitability using cross-frequency coupling in intracranial EEG recordings: A new method for seizure prediction},
  url        = {http://ieeexplore.ieee.org/stamp/stamp.jsp?tp=&arnumber=6090471},
  year       = {2011}
}

@article{AlvaradoRojas2014SlowMOF,
  author     = {C. Alvarado-Rojas and M. Valderrama and A. Fouad-Ahmed and H. Feldwisch-Drentrup and M. Ihle and C. Teixeira and F. Sales and A. Schulze-Bonhage and C. Adam and A. Dourado and S. Charpier and V. Navarro and M. Quyen},
  doi        = {10.1038/srep04545},
  doi_source = {url_extraction},
  journal    = {Scientific Reports},
  title      = {Slow modulations of high-frequency activity (40–140 Hz) discriminate preictal changes in human focal epilepsy},
  url        = {https://doi.org/10.1038/srep04545},
  volume     = {4},
  year       = {2014}
}

@article{Amiri2016PhaseAmplitudeCIBK,
  author     = {M. Amiri and B. Frauscher and J. Gotman},
  doi        = {10.3389/fnhum.2016.00387},
  doi_source = {crossref},
  journal    = {Frontiers in Human Neuroscience},
  title      = {Phase-Amplitude Coupling Is Elevated in Deep Sleep and in the Onset Zone of Focal Epileptic Seizures},
  url        = {https://www.ncbi.nlm.nih.gov/pubmed/27536227},
  volume     = {10},
  year       = {2016}
}

@article{AshokkumarS2023QuantifyingFCAL,
  author     = {R. AshokkumarS. and M. Premkumar and S. Anupallavi and V. Jeevanantham and G. Mohanbabu and A. Selvapandian},
  doi        = {10.1007/s11277-022-10154-w},
  doi_source = {url_extraction},
  journal    = {Wireless Personal Communications},
  pages      = {747-780},
  title      = {Quantifying Functional Connectivity Network Through Synchronization and Graph Theory Approaches for Seizure Prediction},
  url        = {https://doi.org/10.1007/s11277-022-10154-w},
  volume     = {129},
  year       = {2023}
}

@article{Assi2018BispectrumFAAC,
  author     = {E. Bou Assi and Laura Gagliano and S. Rihana and D. Nguyen and M. Sawan},
  doi        = {10.1038/s41598-018-33969-9},
  doi_source = {crossref},
  journal    = {Scientific Reports},
  title      = {Bispectrum Features and Multilayer Perceptron Classifier to Enhance Seizure Prediction},
  url        = {https://api.semanticscholar.org/CorpusId:53010421},
  volume     = {8},
  year       = {2018}
}

@article{Bosl2021PredictionOSAN,
  author     = {W. Bosl and A. Leviton and T. Loddenkemper},
  doi        = {10.3389/fneur.2021.675728},
  doi_source = {crossref},
  journal    = {Frontiers in Neurology},
  title      = {Prediction of Seizure Recurrence. A Note of Caution},
  url        = {https://api.semanticscholar.org/CorpusId:234475097},
  volume     = {12},
  year       = {2021}
}

@article{Chang2018LossONM,
  author     = {Wei-Chih Chang and J. Kudláček and J. Hlinka and J. Chvojka and Michal Hadrava and Vojtěch Kumpo\̌t and Andrew D. Powell and R. Janǎ̌ and M. Maturana and Philippa J. Karoly and D. Freestone and M. Cook and M. Palu\ǎ̌nd J. Otáhal and John Gordon Ralph Jefferys and P. Jiru},
  doi        = {10.1038/s41593-018-0278-y},
  doi_source = {crossref},
  journal    = {Nature neuroscience},
  pages      = {1742 - 1752},
  title      = {Loss of neuronal network resilience precedes seizures and determines the ictogenic nature of interictal synaptic perturbations},
  url        = {https://api.semanticscholar.org/CorpusId:53774341},
  volume     = {21},
  year       = {2018}
}

@article{Cmpora2019SeizureLUB,
  author     = {N. Cámpora and C. Mininni and S. Kochen and S. Lew},
  doi        = {10.1038/s41598-019-56548-y},
  doi_source = {url_extraction},
  journal    = {Scientific Reports},
  title      = {Seizure localization using pre ictal phase-amplitude coupling in intracranial electroencephalography},
  url        = {https://doi.org/10.1038/s41598-019-56548-y},
  volume     = {9},
  year       = {2019}
}

@article{Demuru2020TheVOY,
  author     = {M. Demuru and S. Kalitzin and W. Zweiphenning and D. van Blooijs and Maryse A Van't Klooster and P. van Eijsden and F. Leijten and M. Zijlmans and K. Braun and C. Ferrier and T. Gebbink and P. Gosselaar and G. Huiskamp and Nicole E C van Klink and J. Ophorst and P. V. van Rijen and Sandra M A van der Salm and A. Winter},
  doi        = {10.1038/s41598-020-71359-2},
  doi_source = {url_extraction},
  journal    = {Scientific Reports},
  title      = {The value of intra-operative electrographic biomarkers for tailoring during epilepsy surgery: from group-level to patient-level analysis},
  url        = {https://doi.org/10.1038/s41598-020-71359-2},
  volume     = {10},
  year       = {2020}
}

@article{Edakawa2016DetectionOEA,
  author     = {Kohtaroh Edakawa and T. Yanagisawa and H. Kishima and R. Fukuma and S. Oshino and H. M. Khoo and Maki Kobayashi and Masataka Tanaka and T. Yoshimine},
  doi        = {10.1038/srep25422},
  doi_source = {scholar_library_cache},
  journal    = {Scientific Reports},
  title      = {Detection of Epileptic Seizures Using Phase–Amplitude Coupling in Intracranial Electroencephalography},
  url        = {https://api.semanticscholar.org/CorpusId:3464800},
  volume     = {6},
  year       = {2016}
}

@article{Gagliano2018BilateralPSC,
  author     = {Laura Gagliano and E. B. Assi and D. Nguyen and S. Rihana and M. Sawan},
  doi        = {10.1016/j.eplepsyres.2017.11.009},
  doi_source = {scholar_library_cache},
  journal    = {Epilepsy Research},
  pages      = {123-128},
  title      = {Bilateral preictal signature of phase-amplitude coupling in canine epilepsy},
  url        = {https://www.sciencedirect.com/science/article/pii/S0920121117303947?dgcid=api_sd_search-api-endpoint},
  volume     = {139},
  year       = {2018}
}

@article{Gagliano2019BispectrumARAO,
  author     = {Laura Gagliano and E. Bou Assi and D. Nguyen and M. Sawan},
  doi        = {10.1038/s41598-019-52152-2},
  doi_source = {semantic_scholar},
  journal    = {Scientific Reports},
  title      = {Bispectrum and Recurrent Neural Networks: Improved Classification of Interictal and Preictal States},
  url        = {https://api.semanticscholar.org/CorpusId:204942895},
  volume     = {9},
  year       = {2019}
}

@article{Garcia2024RespiratorySEAS,
  author     = {Cesar Augusto Suarez Garcia and Adam C. Gravitis and B. Bardakjian},
  doi        = {10.1109/embc53108.2024.10782382},
  doi_source = {crossref},
  journal    = {2024 46th Annual International Conference of the IEEE Engineering in Medicine and Biology Society (EMBC)},
  pages      = {1-4},
  title      = {Respiratory Signal Extraction from ECG using a Phase-Amplitude Cross-Frequency Coupling Index},
  url        = {http://ieeexplore.ieee.org/stamp/stamp.jsp?tp=&arnumber=10782382},
  year       = {2024}
}

@article{Ghaderi2020EpilepticSPAJ,
  author     = {Foad Ghaderi and Nazanin Mohammadkhani Ghiasvand},
  doi        = {10.52547/shefa.9.1.110},
  doi_source = {semantic_scholar},
  journal    = {The Neuroscience Journal of Shefaye Khatam},
  title      = {Epileptic Seizure Prediction from Spectral, Temporal, and Spatial Features of EEG Signals Using Deep Learning Algorithms},
  url        = {https://api.semanticscholar.org/CorpusId:244571710},
  year       = {2020}
}

@article{Gite2022ReviewOEAE,
  author     = {Shilpa Gite and Milind Natu and Mrinal Rahul Bachute and Ankit Vidyarthi and Ketan V. Kotecha},
  doi        = {10.1155/2022/7751263},
  doi_source = {semantic_scholar},
  journal    = {Computational and Mathematical Methods in Medicine},
  title      = {Review on Epileptic Seizure Prediction: Machine Learning and Deep Learning Approaches},
  url        = {https://api.semanticscholar.org/CorpusId:246191848},
  volume     = {2022},
  year       = {2022}
}

@article{Grigorovsky2020DeltagammaPCBD,
  author     = {Vasily Grigorovsky and Daniel Jacobs and Vanessa L. Breton and Uilki Tufa and Christopher Lucasius and J. M. Del Campo and Y. Chinvarun and P. Carlen and R. Wennberg and B. Bardakjian},
  doi        = {10.1093/braincomms/fcaa182},
  doi_source = {crossref},
  journal    = {Brain Communications},
  title      = {Delta-gamma phase-amplitude coupling as a biomarker of postictal generalized EEG suppression},
  url        = {https://pdfs.semanticscholar.org/7eb8/9f7194a533584ae3e5283642ae70107e4dda.pdf},
  volume     = {2},
  year       = {2020}
}

@article{Jin2022NeuralOAX,
  author     = {Xing Jin and Zhenhu Liang and Xiaoli Li},
  doi        = {10.23919/ccc55666.2022.9902624},
  doi_source = {crossref},
  journal    = {2022 41st Chinese Control Conference (CCC)},
  pages      = {3080-3084},
  title      = {Neural Oscillations and Synchronous Analysis in ECoG during Propofol Anesthesia},
  url        = {http://ieeexplore.ieee.org/stamp/stamp.jsp?tp=&arnumber=9902624},
  year       = {2022}
}

@article{Le2018TowardsAON,
  author     = {Duc Van Le and Nirvana Meratnia and Vignesh Raja Karuppiah Ramachandran and Huibert J. Alblas},
  doi        = {10.3390/s18061698},
  doi_source = {crossref},
  journal    = {Sensors (Basel, Switzerland)},
  title      = {Towards an Online Seizure Advisory System-An Adaptive Seizure Prediction Framework Using Active Learning Heuristics},
  url        = {https://api.semanticscholar.org/CorpusId:44096580},
  volume     = {18},
  year       = {2018}
}

@article{Li2021PredictionOEAB,
  author     = {Han Li and Qizhong Zhang and Ziyi Lin and Farong Gao},
  doi        = {10.3390/brainsci11081066},
  doi_source = {crossref},
  journal    = {Brain Sciences},
  title      = {Prediction of Epilepsy Based on Tensor Decomposition and Functional Brain Network},
  url        = {https://api.semanticscholar.org/CorpusId:237316107},
  volume     = {11},
  year       = {2021}
}

@article{Li2023ClassifyingEPAZ,
  author     = {Chunsheng Li and Shiyue Liu and Zeyu Wang and Guanqian Yuan},
  doi        = {10.3389/fphys.2022.1085530},
  doi_source = {semantic_scholar},
  journal    = {Frontiers in Physiology},
  title      = {Classifying epileptic phase-amplitude coupling in SEEG using complex-valued convolutional neural network},
  url        = {https://api.semanticscholar.org/CorpusId:255497447},
  volume     = {13},
  year       = {2023}
}

@article{Li2023PhaseamplitudeCAZ,
  author     = {Jiaju Li and Yu Qi and Gang Pan},
  doi        = {10.3389/fnins.2023.1153568},
  doi_source = {crossref},
  journal    = {Frontiers in Neuroscience},
  title      = {Phase-amplitude coupling-based adaptive filters for neural signal decoding},
  url        = {https://www.ncbi.nlm.nih.gov/pubmed/37205052},
  volume     = {17},
  year       = {2023}
}

@article{Liang2021PropofolADW,
  author     = {Zhenhu Liang and Xing Jin and Ye Ren and Tao Yu and Xiaoli Li},
  doi        = {10.1109/TBME.2021.3090027},
  doi_source = {semantic_scholar},
  journal    = {IEEE Transactions on Biomedical Engineering},
  pages      = {165-175},
  title      = {Propofol Anesthesia Decreased the Efficiency of Long-Range Cortical Interaction in Humans},
  url        = {http://ieeexplore.ieee.org/stamp/stamp.jsp?tp=&arnumber=9463789},
  volume     = {69},
  year       = {2021}
}

@article{Liu2021EpileptogenicZLBC,
  author     = {Xiaotong Liu and Fang Han and Rui Fu and Qingyun Wang and G. Luan},
  doi        = {10.3389/fneur.2021.764821},
  doi_source = {crossref},
  journal    = {Frontiers in Neurology},
  title      = {Epileptogenic Zone Location of Temporal Lobe Epilepsy by Cross-Frequency Coupling Analysis},
  url        = {https://www.ncbi.nlm.nih.gov/pubmed/34867749},
  volume     = {12},
  year       = {2021}
}

@article{Ma2021PhaseAmplitudeCAH,
  author     = {Huijuan Ma and Zeyu Wang and Chunsheng Li and Jia Chen and Yuping Wang},
  doi        = {10.3389/fneur.2021.718683},
  doi_source = {scholar_library_cache},
  journal    = {Frontiers in Neurology},
  title      = {Phase–Amplitude Coupling and Epileptogenic Zone Localization of Frontal Epilepsy Based on Intracranial EEG},
  url        = {https://www.ncbi.nlm.nih.gov/pubmed/34566860},
  volume     = {12},
  year       = {2021}
}

@article{Malladi2017MutualIIBH,
  author     = {Rakesh Malladi and Don H. Johnson and G. Kalamangalam and N. Tandon and B. Aazhang},
  doi        = {10.1109/TSP.2018.2821627},
  doi_source = {cache},
  journal    = {IEEE Transactions on Signal Processing},
  pages      = {3008-3023},
  title      = {Mutual Information in Frequency and Its Application to Measure Cross-Frequency Coupling in Epilepsy},
  url        = {https://api.semanticscholar.org/CorpusId:2722379},
  volume     = {66},
  year       = {2017}
}

@article{Marcoleta2020DistributedMSAX,
  author     = {J. P. Marcoleta and Waldo Nogueira and T. Doll},
  doi        = {10.1088/2057-1976/ab9fed},
  doi_source = {crossref},
  journal    = {Biomedical Physics & Engineering Express},
  title      = {Distributed mixed signal demultiplexer for electrocorticography electrodes},
  url        = {https://api.semanticscholar.org/CorpusId:225534451},
  volume     = {6},
  year       = {2020}
}

@article{Marzulli2025ClassifyingMMU,
  author     = {Morgane Marzulli and Alexandre Bleuzé and Joe Saad and Félix Martel and Philippe Ciuciu and Tetiana Aksenova and Lucas Struber},
  doi        = {10.3389/fnhum.2025.1521491},
  doi_source = {crossref},
  journal    = {Frontiers in Human Neuroscience},
  title      = {Classifying mental motor tasks from chronic ECoG-BCI recordings using phase-amplitude coupling features},
  url        = {https://pdfs.semanticscholar.org/549d/0ce031952596f7018120c0bf0b138237e2c2.pdf},
  volume     = {19},
  year       = {2025}
}

@article{MendozaCardenas2021SearchingFWK,
  author     = {Carlos H. Mendoza-Cardenas and A. Brockmeier},
  doi        = {10.1109/ner49283.2021.9441220},
  doi_source = {crossref},
  journal    = {2021 10th International IEEE/EMBS Conference on Neural Engineering (NER)},
  pages      = {403-406},
  title      = {Searching for waveforms on spatially-filtered epileptic ECoG},
  url        = {https://api.semanticscholar.org/CorpusId:232352665},
  year       = {2021}
}

@article{MendozaCardenas2021ShiftinvariantWLL,
  author     = {Carlos H. Mendoza-Cardenas and A. Brockmeier},
  doi        = {10.1109/embc46164.2021.9629913},
  doi_source = {crossref},
  journal    = {2021 43rd Annual International Conference of the IEEE Engineering in Medicine & Biology Society (EMBC)},
  pages      = {1136-1139},
  title      = {Shift-invariant waveform learning on epileptic ECoG},
  url        = {https://api.semanticscholar.org/CorpusId:236950460},
  year       = {2021}
}

@article{Miao2021SeizureOZG,
  author     = {Yao Miao and Y. Iimura and H. Sugano and Kosuke Fukumori and Toshihisa Tanaka},
  doi        = {10.1007/s11571-022-09915-x},
  doi_source = {scholar_library_cache},
  journal    = {Cognitive Neurodynamics},
  pages      = {1591 - 1607},
  title      = {Seizure onset zone identification using phase-amplitude coupling and multiple machine learning approaches for interictal electrocorticogram},
  url        = {https://api.semanticscholar.org/CorpusId:240149171},
  volume     = {17},
  year       = {2021}
}

@article{Miao2021SeizureOZV,
  author     = {Yao Miao and Y. Iimura and H. Sugano and Kosuke Fukumori and Takuhei Shoji and Toshihisa Tanaka},
  doi        = {10.1109/embc46164.2021.9630941},
  doi_source = {crossref},
  journal    = {2021 43rd Annual International Conference of the IEEE Engineering in Medicine & Biology Society (EMBC)},
  pages      = {587-590},
  title      = {Seizure Onset Zone Identification Based on Phase-Amplitude Coupling of Interictal Electrocorticogram},
  url        = {http://ieeexplore.ieee.org/stamp/stamp.jsp?tp=&arnumber=9630941},
  year       = {2021}
}

@article{Mierlo2014FunctionalBCAK,
  author     = {P. Mierlo and Margarita Papadopoulou and E. Carrette and P. Boon and Daniele Marinazzo},
  doi        = {10.1016/j.pneurobio.2014.06.004},
  doi_source = {crossref},
  journal    = {Progress in Neurobiology},
  pages      = {19-35},
  title      = {Functional brain connectivity from EEG in epilepsy: Seizure prediction and epileptogenic focus localization},
  url        = {https://www.sciencedirect.com/science/article/pii/S0301008214000719?dgcid=api_sd_search-api-endpoint},
  volume     = {121},
  year       = {2014}
}

@article{Mukamel2014ATIT,
  author     = {E. Mukamel and E. Mukamel and Elvira Pirondini and B. Babadi and K. F. Wong and E. Pierce and P. G. Harrell and J. Walsh and Andrés F. Salazar-Gómez and S. Cash and E. Eskandar and V. S. Weiner and E. Brown and P. Purdon},
  doi        = {10.1523/jneurosci.5813-12.2014},
  doi_source = {crossref},
  journal    = {The Journal of Neuroscience},
  pages      = {839 - 845},
  title      = {A Transition in Brain State during Propofol-Induced Unconsciousness},
  url        = {https://api.semanticscholar.org/CorpusId:8734695},
  volume     = {34},
  year       = {2014}
}

@article{OBrien2020MachineLFAA,
  author     = {Terence J. O'Brien and Adnan Qayyum and Adeel Razi and Levin Kuhlmann and Patrick Kwan and Khansa Rasheed and Junaid Qadir and Shobi Sivathamboo},
  doi        = {10.1109/RBME.2020.3008792},
  doi_source = {cache},
  journal    = {IEEE Reviews in Biomedical Engineering},
  pages      = {139-155},
  title      = {Machine Learning for Predicting Epileptic Seizures Using EEG Signals: A Review},
  url        = {https://api.semanticscholar.org/CorpusId:211031968},
  volume     = {14},
  year       = {2020}
}

@article{Parvez2016EpilepticSPAD,
  author     = {M. Parvez and M. Paul},
  doi        = {10.1109/tnsre.2015.2458982},
  doi_source = {crossref},
  journal    = {IEEE Transactions on Neural Systems and Rehabilitation Engineering},
  pages      = {158-168},
  title      = {Epileptic Seizure Prediction by Exploiting Spatiotemporal Relationship of EEG Signals Using Phase Correlation},
  url        = {http://ieeexplore.ieee.org/stamp/stamp.jsp?tp=&arnumber=7164344},
  volume     = {24},
  year       = {2016}
}

@article{Pilet2025PredictingSOBB,
  author     = {Jared Pilet and S. Beardsley and Chad Carlson and Christopher T. Anderson and Candida Ustine and Sean Lew and Wade Mueller and Manoj Raghavan},
  doi        = {10.1038/s41598-025-02679-4},
  doi_source = {semantic_scholar},
  journal    = {Scientific Reports},
  title      = {Predicting seizure onset zones from interictal intracranial EEG using functional connectivity and machine learning},
  url        = {https://www.ncbi.nlm.nih.gov/pubmed/40404720},
  volume     = {15},
  year       = {2025}
}

@article{Raghavan2024GammaACAQ,
  author     = {Manoj Raghavan and Jared Pilet and Chad Carlson and Christopher T. Anderson and Wade Mueller and Sean Lew and Candida Ustine and Priyanka Shah-Basak and Vahab Youssofzadeh and S. Beardsley},
  doi        = {10.1038/s41598-024-67120-8},
  doi_source = {crossref},
  journal    = {Scientific Reports},
  title      = {Gamma amplitude-envelope correlations are strongly elevated within hyperexcitable networks in focal epilepsy},
  url        = {https://api.semanticscholar.org/CorpusId:271599691},
  volume     = {14},
  year       = {2024}
}

@article{Richner2019PhaseRBI,
  author     = {T. Richner and Sarah K. Brodnick and S. Thongpang and Amelia A Sandberg and L. Krugner-Higby and Justin C. Williams},
  doi        = {10.1088/1741-2552/ab335b},
  doi_source = {url_extraction},
  journal    = {Journal of Neural Engineering},
  title      = {Phase relationship between micro-electrocorticography and cortical neurons},
  url        = {https://doi.org/10.1088/1741-2552%2Fab335b},
  volume     = {16},
  year       = {2019}
}

@article{Rong2020ArtificialIIE,
  author     = {Guoguang Rong and Arnaldo Mendez and E. B. Assi and Bo Zhao and Mohamad Sawan},
  doi        = {10.1016/j.eng.2019.08.015},
  doi_source = {scholar_library_cache},
  journal    = {Engineering},
  title      = {Artificial Intelligence in Healthcare: Review and Prediction Case Studies},
  url        = {https://api.semanticscholar.org/CorpusId:212829945},
  year       = {2020}
}

@article{Sakakura2023DevelopmentalAOJ,
  author     = {Kazuki Sakakura and Naoto Kuroda and Masaki Sonoda and Takumi Mitsuhashi and Ethan Firestone and A. Luat and Neena I. Marupudi and Sandeep Sood and E. Asano},
  doi        = {10.21203/rs.3.rs-2799931/v1},
  doi_source = {crossref},
  journal    = {Nature Communications},
  title      = {Developmental atlas of phase-amplitude coupling between physiologic high-frequency oscillations and slow waves},
  url        = {https://www.ncbi.nlm.nih.gov/pubmed/37833252},
  volume     = {14},
  year       = {2023}
}

@article{Salimpour2019CrossFrequencyCBQ,
  author     = {Y. Salimpour and W. Anderson},
  doi        = {10.3389/fnins.2019.00125},
  doi_source = {crossref},
  journal    = {Frontiers in Neuroscience},
  title      = {Cross-Frequency Coupling Based Neuromodulation for Treating Neurological Disorders},
  url        = {https://api.semanticscholar.org/CorpusId:67769579},
  volume     = {13},
  year       = {2019}
}

@inproceedings{Schelter2007WelcomeTTBI,
  author     = {B. Schelter},
  booktitle  = {unknown},
  title      = {Welcome to the 3rd International Workshop on Seizure Prediction in Epilepsy!},
  url        = {https://www.bcf.uni-freiburg.de/events/pdf/2007-seizure-prediction-workshop.pdf},
  year       = {2007}
}

@article{Sebaei2024ValueOQAW,
  author     = {Dina Sebaei and Ali M. Salah Eldin and Samar M. Hussein and Noha M. Abogresha and Amani A. El-Baz},
  doi        = {10.70135/seejph.vi.1681},
  doi_source = {semantic_scholar},
  journal    = {South Eastern European Journal of Public Health},
  title      = {Value of Quantitative Intraoperative Electrocorticography During Anterior Temporal Lobectomy in Temporal Lobe Epilepsy Patients},
  url        = {https://api.semanticscholar.org/CorpusId:273472425},
  year       = {2024}
}

@article{Seo2020PatternRIAR,
  author     = {Jonghyun Seo and I. Tsuda and Young Ju Lee and A. Ikeda and M. Matsuhashi and R. Matsumoto and T. Kikuchi and Hunseok Kang},
  doi        = {10.3390/math8040481},
  doi_source = {crossref},
  journal    = {Mathematics},
  title      = {Pattern Recognition in Epileptic EEG Signals via Dynamic Mode Decomposition},
  url        = {https://api.semanticscholar.org/CorpusId:216476125},
  year       = {2020}
}

@article{Shirzadi2024AMLDECODERAMBM,
  author     = {M. Shirzadi and Mónica Rojas Martínez and J. F. Alonso and L. Serna and Joaquim Chaler and M. Mañanas and H. Marateb},
  doi        = {10.3390/diagnostics14202255},
  doi_source = {semantic_scholar},
  journal    = {Diagnostics},
  title      = {AML-DECODER: Advanced Machine Learning for HD-sEMG Signal Classification—Decoding Lateral Epicondylitis in Forearm Muscles},
  url        = {https://pdfs.semanticscholar.org/cd69/f5e367b3d5d33777043545f8bdfc617e3c61.pdf},
  volume     = {14},
  year       = {2024}
}

@article{Sun2022SynchronizationCLBL,
  author     = {Yanping Sun and Yuqiang Song and Hongjin Ren and Haifang Zhu and Yanning Wang and Xiaoli Li and Wenjing Yan and Yuping Wang},
  doi        = {10.1186/s42494-022-00113-0},
  doi_source = {crossref},
  journal    = {Acta Epileptologica},
  pages      = {1-9},
  title      = {Synchronization clusters located on epileptic onset zones in neocortical epilepsy},
  url        = {https://api.semanticscholar.org/CorpusId:253373256},
  volume     = {4},
  year       = {2022}
}

@article{Tang2015AnEFBN,
  author     = {Xiaoying Tang and Xiying Zhang and Dongqin Cai and Juncheng Du and Weifeng Liu},
  doi        = {10.3233/BME-151401},
  doi_source = {url_extraction},
  journal    = {Bio-Medical Materials and Engineering},
  pages      = {S1053 - S1058},
  title      = {An epileptic focus location method based on ECoG},
  url        = {https://doi.org/10.3233/BME-151401},
  volume     = {26},
  year       = {2015}
}

@article{Ujma2022TheSEBA,
  author     = {P. Ujma and M. Dresler and P. Simor and D. Fabó and I. Ulbert and L. Erőss and R. Bódizs},
  doi        = {10.21203/rs.3.rs-1705700/v1},
  doi_source = {crossref},
  journal    = {Scientific Reports},
  title      = {The sleep EEG envelope is a novel, neuronal firing-based human biomarker},
  url        = {https://api.semanticscholar.org/CorpusId:244454321},
  volume     = {12},
  year       = {2022}
}

@article{Wan2022AnIEAY,
  author     = {Jian Wan and Fangni Chen and Jiajia Fang and Lei Zhang and Neal Xiong and Kunpeng Song},
  doi        = {10.3390/s22176458},
  doi_source = {crossref},
  journal    = {Sensors (Basel, Switzerland)},
  title      = {An Intelligent Epileptic Prediction System Based on Synchrosqueezed Wavelet Transform and Multi-Level Feature CNN for Smart Healthcare IoT},
  url        = {https://api.semanticscholar.org/CorpusId:251964002},
  volume     = {22},
  year       = {2022}
}

@inproceedings{Wang2018EpilepticSPAM,
  author     = {Hwang-Cheng Wang and Punjal Agarwal and Kathiravan Srinivasan},
  doi        = {10.1051/MATECCONF/201821003016},
  doi_source = {semantic_scholar},
  title      = {Epileptic Seizure Prediction over EEG Data using Hybrid CNN-SVM Model with Edge Computing Services},
  url        = {https://api.semanticscholar.org/CorpusId:55456708},
  year       = {2018}
}

@article{Wang2020ClassifyingCCBG,
  author     = {Zeyu Wang and Chunsheng Li},
  doi        = {10.1109/EMBC44109.2020.9175273},
  doi_source = {semantic_scholar},
  journal    = {2020 42nd Annual International Conference of the IEEE Engineering in Medicine & Biology Society (EMBC)},
  pages      = {3440-3443},
  title      = {Classifying cross-frequency coupling pattern in epileptogenic tissues by convolutional neural network*},
  url        = {http://ieeexplore.ieee.org/stamp/stamp.jsp?tp=&arnumber=9175273},
  year       = {2020}
}

@article{Watson2015APLP,
  author     = {P. Watson and Kevin M. Horecka and R. Ratnam and Neal J. Cohen},
  doi        = {10.1186/1471-2202-16-s1-p38},
  doi_source = {crossref},
  journal    = {BMC Neuroscience},
  pages      = {P38 - P38},
  title      = {A phase-locked loop epilepsy network emulator for localizing, forecasting, and controlling ictal activity},
  url        = {https://api.semanticscholar.org/CorpusId:35921314},
  volume     = {16},
  year       = {2015}
}

@article{Xie2017PortableWEAU,
  author     = {Kejun Xie and Shaomin Zhang and S. Dong and Shijian Li and Chaonan Yu and Kedi Xu and Wanke Chen and W. Guo and Jikui Luo and Zhaohui Wu},
  doi        = {10.1038/s41598-017-07823-3},
  doi_source = {crossref},
  journal    = {Scientific Reports},
  title      = {Portable wireless electrocorticography system with a flexible microelectrodes array for epilepsy treatment},
  url        = {https://api.semanticscholar.org/CorpusId:3299303},
  volume     = {7},
  year       = {2017}
}

@article{Yanagisawa2012RegulationOMS,
  author     = {T. Yanagisawa and O. Yamashita and M. Hirata and H. Kishima and Y. Saitoh and T. Goto and T. Yoshimine and Y. Kamitani},
  doi        = {10.1523/JNEUROSCI.2929-12.2012},
  doi_source = {url_extraction},
  journal    = {The Journal of Neuroscience},
  pages      = {15467 - 15475},
  title      = {Regulation of Motor Representation by Phase–Amplitude Coupling in the Sensorimotor Cortex},
  url        = {https://doi.org/10.1523/JNEUROSCI.2929-12.2012},
  volume     = {32},
  year       = {2012}
}

@inproceedings{Yekutieli2018ECoGCVO,
  author     = {Ziv Yekutieli and E. Ben-Jacob},
  booktitle  = {unknown},
  doi        = {10.4172/2472-0895.1000120},
  doi_source = {crossref},
  title      = {ECoG Correlation Variation for Epilepsy Research},
  url        = {https://pdfs.semanticscholar.org/4827/995d2bbcb473c14aa82a9e95e9a4ac232401.pdf},
  year       = {2018}
}

@article{Yuan2015ASPAP,
  author     = {Qi Yuan and Dongmei Wei},
  doi        = {10.1109/icdsp.2015.7251854},
  doi_source = {crossref},
  journal    = {2015 IEEE International Conference on Digital Signal Processing (DSP)},
  pages      = {177-181},
  title      = {A seizure prediction method based on efficient features and BLDA},
  url        = {http://ieeexplore.ieee.org/stamp/stamp.jsp?tp=&arnumber=7251854},
  year       = {2015}
}

@article{Zhang2024BraincomputerITR,
  author     = {Hongyu Zhang and Le Jiao and Songxiang Yang and Haopeng Li and Xinzhan Jiang and Jing Feng and Shuhuai Zou and Qiang Xu and Jianheng Gu and Xuefeng Wang and Baojian Wei},
  doi        = {10.1097/JS9.0000000000002022},
  doi_source = {semantic_scholar},
  journal    = {International Journal of Surgery (London, England)},
  pages      = {5745 - 5762},
  title      = {Brain–computer interfaces: the innovative key to unlocking neurological conditions},
  url        = {https://api.semanticscholar.org/CorpusId:271922044},
  volume     = {110},
  year       = {2024}
}

@article{Zhong2024EpilepticSPAH,
  author     = {Lisha Zhong and Xin Liu and Zhangyong Li and Xinwei Li and Xicheng Lou and Chunyang Li and Haohuan Kong},
  doi        = {10.3389/fninf.2024.1354436},
  doi_source = {crossref},
  journal    = {Frontiers in Neuroinformatics},
  title      = {Epileptic seizure prediction based on EEG using pseudo-three-dimensional CNN},
  url        = {https://api.semanticscholar.org/CorpusId:268587462},
  volume     = {18},
  year       = {2024}
}

@article{Zhou2016PhaseamplitudeCAAG,
  author     = {Hanyue Zhou and Ying Li and Y. Hsin and Wentai Liu},
  doi        = {10.1109/embc.2016.7590876},
  doi_source = {crossref},
  journal    = {2016 38th Annual International Conference of the IEEE Engineering in Medicine and Biology Society (EMBC)},
  pages      = {1022-1025},
  title      = {Phase-amplitude coupling analysis for seizure evolvement using Hilbert Huang Transform},
  url        = {http://ieeexplore.ieee.org/stamp/stamp.jsp?tp=&arnumber=7590876},
  year       = {2016}
}

@article{Zhou2016PhaseamplitudeCABJ,
  author     = {Hanyue Zhou and Ying Li and Yue-Loong Hsin and Wentai Liu},
  doi        = {10.1109/embc.2016.7590876},
  doi_source = {cache},
  journal    = {Conference proceedings : ... Annual International Conference of the IEEE Engineering in Medicine and Biology Society. IEEE Engineering in Medicine and Biology Society. Annual Conference},
  pages      = {
1022-1025},
  title      = {Phase-amplitude coupling analysis for seizure evolvement using Hilbert Huang Transform.},
  url        = {https://www.ncbi.nlm.nih.gov/pubmed/28268498},
  volume     = {2016},
  year       = {2016}
}
