bib_files/pac-seizure_prediction_enriched.bib